% @article{ahu61,
%   author={Zihao Zhang and Stefan Zohren and and Stephen Roberts},
%   title={Deep Reinforcement Learning for Trading}
% }

\bibitem{einstein} 
Albert Einstein. 
\textit{Zur Elektrodynamik bewegter K{\"o}rper}. (German) 
[\textit{On the electrodynamics of moving bodies}]. 
Annalen der Physik, 322(10):891â€“921, 1905.